% from http://hopf.math.purdue.edu/doc/html/texhelp/bibtex-d.html

@ARTICLE{seville,
   author    = "{Adams et al.}",
   title     = "The {S}eville Statement on Violence", 
   journal   = "6th International Colloquium \emph{on} Brain and Aggression",
   year      = 1986,
}
@MANUAL{AmSLaTeX,
   author    = "{American Mathematical Society}",
   title     = "\amslatex/ Version 1.2 User's Guide",
   month     = jan,
   year      = 1995,
   note      = "Filename: \fn{amsldoc.dvi}",
}
@MANUAL{rotating,
   author    = "L. Barroca",
   title     = "A style option for rotated objects in \latex/",
   editiontype = "Version",
   edition   = "2.10",
   month     = aug,
   year      = 1995,
   note      = "Filename: \fn{rotating.dvi}",
}
@MANUAL{uwamaths,
   author    = "G. Gamble",
   title     = "The \pkg{uwamaths} package",
   editiontype = "Version",
   edition   = "1.0d",
   month     = may,
   year      = 1996,
   note      = "Filename: \fn{uwamaths.dvi}",
}
@ARTICLE{Gill,
   author    = "A. E. Gill",
   title     = "Some Simple Solutions for Heat-Induced Tropical Circulation",
   journal   = "Quart. J. R. Met. Soc.",
   volume    = 106,
   year      = 1980,
   pages     = "447-462",
}
@BOOK{Companion,
   author    = "M. Goossens and F. Mittelbach and A. Samarin",
   title     = "The \latex/ Companion",
   publisher = "Addison-Wesley",
   year      = 1994,
}
@BOOK{TeX,
   author    = "D. E. Knuth",
   title     = "The \tex/book",
   publisher = "Addison-Wesley",
   year      = 1984,
   note      = "Describes \tex/ in detail",
}
@BOOK{LaTeX,
   author    = "L. Lamport",
   title     = "\latex/ -- A Document Preparation System",
   publisher = "Addison-Wesley",
   edition   = "first",
   year      = 1985,
   note      = "Describes \latex/ 2.09",
}
@BOOK{LaTeXe,
   author    = "L. Lamport",
   title     = "\latex/ -- A Document Preparation System",
   publisher = "Addison-Wesley",
   edition   = "second",
   year      = 1994,
   note      = "Updated for \LaTeXe",
}
@MANUAL{usrguide,
   author    = "{The \latex/3  Project Team}",
   title     = "\latexe/ for authors",
   month     = jun,
   year      = 1995,
   note      = "Filename: \fn{usrguide.dvi}",
}
@MANUAL{lshort,
   author    = "T. Oetiker",
   title     = "The Not So Short Introduction to \latexe/",
   editiontype = "Version",
   edition   = "2.2",
   month     = jan,
   year      = 1996,
   note      = "Filename: \fn{lshort2e.dvi}",
}
@BOOK{Hamlet,
   author    = "W. Shakespeare",
   title     = "Hamlet",
   publisher = "F.~S.~Crofts~\&~Co.",
   address   = "New York",
   year      = 1946,
   note      = "Act~I, Scene~3, Lines~70--72, are apropos",
}
