% modified, from http://www.math.duke.edu/computing/tex/templates/martingales.bib


@Book{gs,
  author =   "G.R. Grimmett and D.R. Stirzaker",
  title =    "Probability and Random Processes",
  publisher =    "Clarendon Press",
  year =     "1992", 
  address =      "Oxford",
  edition =      "Second"  
}

@Book{williams,
  author =   "David Williams",
  title =    "Probability With Martingales",
  publisher =    "Cambridge University Press",
  year =     "1991"
}

@Book{royden,
  author =   "H.L. Royden",
  title =    "Real Analysis",
  publisher =    "Macmillan",
  year =     "1988",
  edition =      "Third" 
}


