% modified ({} -> ""), from http://infohost.nmt.edu/tcc/help/pubs/nmtthesis/srs/web/bibtex-example.html

@inproceedings{munro1992deterministic,
  title="Deterministic skip lists",
  author="Munro, J.I. and Papadakis, T. and Sedgewick, R.",
  booktitle="Proceedings of the third annual ACM-SIAM symposium on
             Discrete algorithms",
  pages="367--375",
  year=1992,
  organization="Society for Industrial and Applied Mathematics"
}
