% from http://www.bibtex.org/Using/

@misc{ Nobody06,
       author = "Nobody Jr",
       title = "My Article",
       year = "2006" }
